



@inproceedings{raimbault2020scala,
  title={A scala library for spatial sensitivity analysis},
  author={Raimbault, J and Perret, J and Reuillon, R},
  year={2020},
  organization={GISRUK}
}

@article{raimbault2019space,
  title={Space Matters: Extending Sensitivity Analysis to Initial Spatial Conditions in Geosimulation Models},
  author={Raimbault, J and Cottineau, C and Le Texier, M and Le Nechet, F and Reuillon, R},
  journal={Journal of Artificial Societies and Social Simulation},
  volume={22},
  number={4},
  year={2019},
  publisher={JASSS}
}


@inproceedings{raimbault2019generating,
  title={Generating urban morphologies at large scales},
  author={Raimbault, Juste and Perret, Julien},
  booktitle={The 2019 Conference on Artificial Life},
  pages={179--186},
  year={2019},
  organization={MIT Press}
}


@article{raimbault2019second,
  title={Second-order control of complex systems with correlated synthetic data},
  author={Raimbault, Juste},
  journal={Complex Adaptive Systems Modeling},
  volume={7},
  number={1},
  pages={1--19},
  year={2019},
  publisher={Springer}
}


@book{pumain2006hierarchy,
  title={Hierarchy in natural and social sciences},
  author={Pumain, Denise and BATTY, Michael and GAUME, Bruno and David, LANE},
  year={2006},
  publisher={Springer}
}


@article{lemoy2020evidence,
  title={Evidence for the homothetic scaling of urban forms},
  author={Lemoy, R{\'e}mi and Caruso, Geoffrey},
  journal={Environment and Planning B: Urban Analytics and City Science},
  volume={47},
  number={5},
  pages={870--888},
  year={2020},
  publisher={SAGE Publications Sage UK: London, England}
}


@article{pumain2006evolutionary,
  title={An evolutionary theory for interpreting urban scaling laws},
  author={Pumain, Denise and Paulus, Fabien and Vacchiani-Marcuzzo, C{\'e}line and Lobo, Jos{\'e}},
  journal={Cybergeo: European Journal of Geography},
  year={2006},
  publisher={CNRS-UMR G{\'e}ographie-cit{\'e}s 8504}
}


@article{batty2008size,
  title={The size, scale, and shape of cities},
  author={Batty, Michael},
  journal={science},
  volume={319},
  number={5864},
  pages={769--771},
  year={2008},
  publisher={American Association for the Advancement of Science}
}


@article{cherel2015beyond,
  title={Beyond corroboration: Strengthening model validation by looking for unexpected patterns},
  author={Ch{\'e}rel, Guillaume and Cottineau, Cl{\'e}mentine and Reuillon, Romain},
  journal={PloS one},
  volume={10},
  number={9},
  pages={e0138212},
  year={2015},
  publisher={Public Library of Science San Francisco, CA USA}
}



@article{reuillon2013openmole,
  title={OpenMOLE, a workflow engine specifically tailored for the distributed exploration of simulation models},
  author={Reuillon, Romain and Leclaire, Mathieu and Rey-Coyrehourcq, Sebastien},
  journal={Future Generation Computer Systems},
  volume={29},
  number={8},
  pages={1981--1990},
  year={2013},
  publisher={Elsevier}
}



@article{sayama2009swarm,
  title={Swarm chemistry},
  author={Sayama, Hiroki},
  journal={Artificial life},
  volume={15},
  number={1},
  pages={105--114},
  year={2009},
  publisher={MIT Press One Rogers Street, Cambridge, MA 02142-1209, USA journals-info~…}
}



@article{simon2008biogeography,
  title={Biogeography-based optimization},
  author={Simon, Dan},
  journal={IEEE transactions on evolutionary computation},
  volume={12},
  number={6},
  pages={702--713},
  year={2008},
  publisher={IEEE}
}


@inproceedings{sayama2018seeking,
  title={Seeking open-ended evolution in swarm chemistry II: Analyzing long-term dynamics via automated object harvesting},
  author={Sayama, Hiroki},
  booktitle={Artificial Life Conference Proceedings},
  pages={59--66},
  year={2018},
  organization={MIT Press One Rogers Street, Cambridge, MA 02142-1209, USA journals-info~…}
}



@inproceedings{raimbault2023spatial,
  title={Spatial sensitivity analysis of social simulation models},
  author={Raimbault, Juste and Perret, Julien},
  booktitle={CCS 2023},
  year={2023}
}

@inproceedings{raimbault2020scala,
  title={A scala library for spatial sensitivity analysis},
  author={Raimbault, Juste and Perret, Julien and Reuillon, Romain},
  booktitle={28th GISRUK conference},
  pages={32--36},
  year={2020}
}


@article{raimbault2019space,
  title={Space Matters: Extending Sensitivity Analysis to Initial Spatial Conditions in Geosimulation Models.},
  author={Raimbault, Juste and Cottineau, Cl{\'e}mentine and Le Texier, Marion and Le N{\'e}chet, Florent and Reuillon, Romain},
  journal={Journal of Artificial Societies \& Social Simulation},
  volume={22},
  number={4},
  year={2019}
}


@book{holland2012signals,
  title={Signals and boundaries: Building blocks for complex adaptive systems},
  author={Holland, John H},
  year={2012},
  publisher={Mit Press}
}


@article{silver2006spatial,
  title={Spatial effects favour the evolution of niche construction},
  author={Silver, Matt and Di Paolo, Ezequiel},
  journal={Theoretical Population Biology},
  volume={70},
  number={4},
  pages={387--400},
  year={2006},
  publisher={Elsevier}
}


@article{lion2008self,
  title={Self-structuring in spatial evolutionary ecology},
  author={Lion, S{\'e}bastien and Baalen, Minus van},
  journal={Ecology letters},
  volume={11},
  number={3},
  pages={277--295},
  year={2008},
  publisher={Wiley Online Library}
}



@inproceedings{alden2014easing,
  title={Easing parameter sensitivity analysis of NetLogo simulations using SPARTAN},
  author={Alden, Kieran and Timmis, Jon and Coles, Mark},
  booktitle={Artificial Life Conference Proceedings},
  pages={622--628},
  year={2014},
  organization={MIT Press One Rogers Street, Cambridge, MA 02142-1209, USA journals-info~…}
}


